00000nam a2200000 a 4500
001     test-001
003     SGBC
005     20240101120000.0
008     240101s2020    br |||| ||| ||| ||| ||| ||| por d
020  \\$a9788535914061
040  \\$aSGBC$cSGBC
100 1\\$aMachado de Assis
245 10\\$aDom Casmurro$bRomance
250  \\$a1. ed.
260  \\$aSão Paulo :$bCompanhia das Letras,$c2020
300  \\$a256 p.
490 1\\$aColeção Clássicos Brasileiros
500  \\$aRomance clássico da literatura brasileira publicado originalmente em 1899.
650  \\$aLiteratura Brasileira
650  \\$aRomance
700 1\\$aMachado de Assis$etradutor
041  \\$apor
044  \\$aBRA
090  \\$aM123
999  \\$av.1

