00000nam a2200000 a 4500
001     test-002
003     SGBC
005     20240101120000.0
008     240101s2018    us |||| ||| ||| ||| ||| ||| eng d
020  \\$a9780061120084
040  \\$aSGBC$cSGBC
100 1\\$aHarper Lee
245 10\\$aTo Kill a Mockingbird$bA Novel
250  \\$a50th Anniversary Edition
260  \\$aNew York :$bHarper Perennial,$c2010
300  \\$a376 p.
500  \\$aClassic American novel about racial injustice.
650  \\$aAmerican Literature
650  \\$aFiction
041  \\$aeng
044  \\$aUSA
090  \\$aL123

