00000nam a2200000 a 4500
001     test-003
003     SGBC
005     20240101120000.0
008     240101s2015    es |||| ||| ||| ||| ||| ||| spa d
020  \\$a9788498386263
040  \\$aSGBC$cSGBC
100 1\\$aGabriel García Márquez
245 10\\$aCien años de soledad
260  \\$aBarcelona :$bEditorial Sudamericana,$c2015
300  \\$a471 p.
500  \\$aNovela clásica del realismo mágico.
650  \\$aLiteratura Colombiana
650  \\$aRealismo Mágico
041  \\$aspa
044  \\$aCOL
090  \\$aG123

